<?xml version="1.0" encoding="UTF-8"?><record xmlns="http://www.loc.gov/MARC21/slim" xmlns:cinclude="http://apache.org/cocoon/include/1.0" xmlns:zs="http://www.loc.gov/zing/srw/">
  <leader>00992cz  a2200157n  4500</leader>
  <controlfield tag="001">nb2011005802</controlfield>
  <controlfield tag="003">DLC</controlfield>
  <controlfield tag="005">20120818081528.0</controlfield>
  <controlfield tag="008">110301n| acannaabn          |a ana      </controlfield>
  <datafield tag="010" ind1=" " ind2=" ">
    <subfield code="a">nb2011005802</subfield>
  </datafield>
  <datafield tag="035" ind1=" " ind2=" ">
    <subfield code="a">(Uk)008068239</subfield>
  </datafield>
  <datafield tag="040" ind1=" " ind2=" ">
    <subfield code="a">Uk</subfield>
    <subfield code="b">eng</subfield>
    <subfield code="c">Uk</subfield>
    <subfield code="d">DLC</subfield>
  </datafield>
  <datafield tag="111" ind1="2" ind2=" ">
    <subfield code="a">Workshop on the Feasibility of Establishing a Regional Cooperation Network for Aquaculture in Latin America and the Caribbean</subfield>
    <subfield code="d">(2004 :</subfield>
    <subfield code="c">Panama, Panama)</subfield>
  </datafield>
  <datafield tag="411" ind1="2" ind2=" ">
    <subfield code="a">Taller sobre factibilidad de establecimiento de una red de cooperacio패n en acuicultura en Ame패rica Latina y el Caribe</subfield>
  </datafield>
  <datafield tag="667" ind1=" " ind2=" ">
    <subfield code="a">THIS 1XX FIELD CANNOT BE USED UNDER RDA UNTIL THIS RECORD HAS BEEN REVIEWED AND/OR UPDATED</subfield>
  </datafield>
  <datafield tag="670" ind1=" " ind2=" ">
    <subfield code="a">Informe del taller sobre factibilidad de establecimiento de una red de cooperacio패n en acuicultura en Ame패rica Latina y el Caribe, 2005:</subfield>
    <subfield code="b">t.p. (Workshop on the Feasibility of Establishing a Regional Cooperation Network for Aquaculture in Latin America and the Caribbean, Panama, the Republic of Panama, 6-8 December 2004)</subfield>
  </datafield>
</record>